@book{Mar,
  title	       = {Cálculo vectorial},
  author       = {Marsden, J.E. and Tromba, A.J.},
  year	       = 1998,
  publisher    = {Addison-Wesley, Pearson Educación},
  address      = {México}
}

@book{Cou,
  title	       = {Introducción al cálculo y al análisis matemático},
  author       = {Courant, R. and John, F.},
  volume       = {2},
  year	       = 1974,
  publisher    = {Limusa},
  address      = {México}
}

@book{Bell,
  title	       = {Men of mathematics},
  author       = {Bell, E.T.},
  year	       = 1937,
  publisher    = {Simon and Schuster},
  address      = {New York}
}

@book{Bartle,
  title	       = {Introducción al análisis matemático},
  author       = {Bartle, Robert G.},
  year	       = 1982,
  publisher    = {Limusa},
  address      = {Mexico}
}

@book{Bre,
  title	       = {Análisis funcional. Teoría y aplicaciones},
  author       = {Brézis, Haïm},
  year	       = 1984,
  publisher    = {Alianza Editorial},
  address      = {Madrid}
}

@book{Dieudonne,
  title	       = {Foundations of modern analysis},
  series       = {Pure and Applied Mathematics},
  volume       = {10-I},
  author       = {Dieudonné, Jean},
  year	       = 1969,
  publisher    = {Academic Press},
  address      = {New York-London}
}

@book{Jost,
  title	       = {Postmodern analysis},
  author       = {Jost, Jürgen},
  year	       = 1998,
  publisher    = {Springer-Verlag},
  series       = {Universitext},
  address      = {Berlin}
}

@book{Kol,
  title	       = {Elementos de la teoría de funciones y del análisis funcional},
  author       = {Kolmogorov, A.N. and Fomin, S.V.},
  year	       = 1972,
  publisher    = {Editorial MIR},
  address      = {Moscú}
}

@book{Nachbin,
  title	       = {Integral de Haar},
  series       = {Textos de Matemática núm. 7},
  author       = {Nachbin, Leopoldo},
  year	       = 1960,
  publisher    = {Instituto de Física e Matemática, Universidade do Recife},
  address      = {Brasil}
}

@book{Rudin,
  title	       = {Principles of mathematical analysis},
  author       = {Rudin, Walter},
  year	       = 1964,
  publisher    = {McGraw-Hill Book Co.},
  address      = {New York}
}

@book{Schwartz,
  title	       = {Analyse I-IV},
  author       = {Schwartz, Laurent},
  year	       = 1992,
  publisher    = {Hermann},
  address      = {Paris}
}

@book{Prieto,
  title	       = {Topología básica},
  author       = {Prieto, Carlos},
  year	       = 2003,
  publisher    = {Fondo de Cultura Económica},
  address      = {México}
}

@book{Costa,
  title	       = {An invitation to variational methods in differential equations},
  author       = {Costa, D.G.},
  year	       = 2007,
  publisher    = {Birkhäuser},
  address      = {Boston}
}

@book{Ambrosetti,
  title	       = {A primer of nonlinear analysis},
  author       = {Ambrosetti, A. and Prodi, G.},
  year	       = 1993,
  publisher    = {Cambridge University Press},
  address      = {Cambridge}
}


@article{Dugac,
  author       = {Dugac, P.},
  title        = {Sur la correspondance de Borel et le théorème de Dirichlet-Heine-Weierstrass-Borel-Schoenflies-Lebesgue},
  journaltitle      = {Arch. Internat. Hist. Sci.},
  year         = {1989},
  volume       = {39},
  note       = {págs. 69--110}
}

@book{Friedberg,
  title	       = {Linear Algebra},
  author       = {Friedberg, S. and Insel, A.J. and Spence, L.E.},
  year	       = 2003,
  publisher    = {Pearson Education},
  address      = {New Jersey},
}

@book{Feynman,
  title	       = {The Feynman lectures on physics},
  author       = {Feynman, R. and Leighton, R. and Sands, M.},
  year	       = 1966,
  publisher    = {Addison-Wesley},
  volume       = 2
}

@book{Evans,
  title	       = {Partial differential equations},
  author       = {Evans, L.C.},
  year	       = 1988,
  publisher    = {Amer. Math. Soc.},
  series       = {Graduate Studies in Math.},
  volume       = 19,
  address      = {Providence}
}

@book{Gilbarg,
  title	       = {Elliptic partial differential equations of second order},
  author       = {Gilbarg, D. and Trudinger, N.S.},
  year	       = 2001,
  publisher    = {Springer-Verlag},
  address      = {Berlin Heidelberg New York}
}


